2210 2662
1030 149 1036 153 .
1111 64 1148 120 8
1976 110 2017 119 ἡ

242 213 474 273 ὀρκύνες)
504 213 702 258 Aristot.
731 210 794 258 H.
826 212 881 257 A.
908 213 964 257 V.
996 216 1038 258 9.
1073 222 1119 258 ct
1152 211 1519 259 Anax-andrides
1551 212 1822 267 Ath.V111,
1854 212 2034 258 357.Α.

242 278 374 333 cujus
403 278 590 320 formae
619 277 948 319 nominativus
981 277 1237 332 singularis
1271 290 1368 319 non
1399 283 1543 319 extat.
1587 277 1631 320 O
1663 271 1874 333 ἅστηνος
1906 283 1971 321 et
1987 274 2036 320 οἱ

244 339 451 393 ἀστῆνες
481 336 765 412 I-Iesycghius
785 338 944 390 affert3
987 336 1116 381 idem
1158 338 1188 381 ο
1222 336 1451 394 τίβηνος,
1485 351 1573 396 pro
1608 350 1701 395 quo
1729 336 1857 395 apud
1885 317 2037 393 Lyco-

242 401 475 458 phronem
502 398 674 454 legitu·
707 395 797 440 τὸν
839 397 1042 454 τιβῆνα.
1105 398 1376 455 Etymolog.
1417 398 1489 443 M.
1522 400 1627 442 493.
1667 400 1742 443 43.
1784 399 2035 456 καρβᾶνες

242 460 291 504 οἱ
323 459 608 517 βάρβαροι·
644 456 934 515 Λυκόφρων
973 458 1238 516 κᾶρβανον
1277 459 1455 517 ὄχλον·
1496 453 1715 516 utraque
1725 459 1882 503 forma
1922 473 2035 503 usus

243 528 315 565 est
346 520 635 574 Aeschylus,
665 521 705 562 si
738 521 858 561 vitio
894 527 1026 562 caret
1051 521 1244 576 vulgata
1283 521 1424 564 lectio
1457 519 1620 578 Suppl.
1655 521 1758 564 117.
1801 518 2037 578 καρβάνα

242 582 534 639 (καρβᾶνα)
575 578 619 623 δ’
663 578 831 623 αὐδὰν
875 579 1124 630 mamers·
1174 581 1256 625 ubi
1301 579 1429 642 quod
1466 580 1762 626 Wellauerus
1808 581 2037 640 proponit

241 643 477 700 καρβάια
519 640 565 685 δ’
604 640 739 685 αὔδα
781 655 880 685 non
921 643 1072 699 magis
1109 642 1303 700 probari
1335 655 1478 701 posse
1511 643 1703 687 videtur
1735 656 1876 701 quam
1907 642 2036 701 βαρ·

241 705 401 763 βάρας
431 703 784 747 nominativum
812 702 1013 761 καρβάν
1040 705 1293 761 proferunt
1312 704 1483 749 Arcad.
1506 702 1565 747 de
1591 704 1697 749 Acc.
1725 718 1772 762 p.
1785 708 1831 748 -.8
1856 703 2035 749 Anecd.

241 782 286 824 p.
323 769 457 809 1198.
490 772 575 808 etc.
615 764 700 807 sed
730 765 888 807 nullus
922 773 1162 818 veterum,
1206 779 1324 822 quos
1362 765 1507 808 hodie
1539 767 1763 822 legimus,
1804 779 1916 809 usus
1949 773 2035 808 est.
2092 784 2107 813 ,ν
2152 742 2158 798 ἶ

245 830 492 872 Postremo
522 825 683 871 Aetoli
715 825 971 901 γερόντοις
1000 840 1087 903 pro
1121 831 1326 886 γεροῦσι
1358 840 1403 870 v.
1425 825 1579 871 Koen.
1608 826 1671 871 ad
1699 825 1837 886 Greg.
1864 841 1908 885 p.
1930 828 2035 879 592,

242 889 416 932 Aeoles
451 886 646 946 α’γωνος
677 900 786 950 pro
799 903 825 929 a
832 903 960 946 swv
995 887 1194 946 ἄγωνον
1225 901 1312 944 pro
1348 887 1520 946 α’γωνα
1562 887 1742 931 dixisse
1781 888 2036 944 perhiben-

243 957 320 993 tur
351 963 395 992 v.
431 947 596 992 Alcaei
625 937 815 1004 Fragm.
851 946 975 991 (3111.
1017 963 1061 1006 p.
1092 951 1166 991 65.
1201 948 1333 1004 cujus
1371 948 1582 992 nominis
1623 949 1665 992 si
1703 949 1832 992 solus
1872 961 2034 1006 super-

242 1017 368 1053 esset
409 1009 703 1052 aecusativus
743 1009 977 1060 aeolium,
1022 1023 1050 1051 a
1085 1009 1418 1051 Grammaticis
1456 1009 1585 1050 haud
1622 1008 1767 1052 dubie
1804 1011 2034 1067 metapla-

241 1073 326 1115 stis
368 1070 776 1114 adnumeraretur.
837 1068 976 1114 Patet
1017 1070 1163 1126 igitur
1199 1070 1457 1128 plurimum
1494 1070 1728 1113 interesse
1757 1077 1915 1115 utrum
1948 1084 2035 1114 no-

242 1133 503 1175 minativus
537 1138 658 1173 teste
689 1138 848 1173 careat
871 1145 931 1172 an
966 1132 1199 1186 analogia.
1262 1132 1484 1187 Denique
1517 1130 1642 1173 σοῦν
1669 1131 1790 1190 ἤγυς
1821 1146 1909 1189 pro
1939 1131 2033 1175 σύν

245 1192 347 1241 αἰξί
378 1193 580 1247 legimus
608 1193 660 1233 in
689 1191 908 1246 Inscript.
942 1192 1165 1234 Boeotica
1193 1190 1248 1235 N.
1287 1191 1435 1234 1569.
1454 1206 1496 1233 a.
1517 1191 1622 1234 111
1649 1206 1693 1235 v.
1728 1195 1800 1237 39.
1865 1193 2034 1237 Rarius

241 1251 476 1296 vocabula
516 1251 703 1309 primae
743 1249 1077 1294 declinationis
1120 1251 1182 1295 ad
1229 1251 1417 1294 tertiam
1461 1250 1772 1296 deflectuntur
1805 1260 1859 1300 ut
1887 1251 2032 1310 ω’λήπ,

244 1314 444 1365 ωλένος,
488 1312 615 1369 quod
651 1311 825 1354 Suidas
867 1310 1016 1355 refert
1053 1326 1140 1369 pro
1184 1309 1360 1368 ωλένη,
1403 1314 1584 1370 γεῶρες
1628 1313 1757 1370 apud
1805 1315 2032 1368 eundem,

242 1377 335 1418 nisi
369 1375 674 1417 librariorum
708 1387 839 1416 error
872 1380 966 1425 est,
998 1387 1085 1430 pro
1119 1389 1306 1433 γεωραι
1335 1374 1438 1416 sive
1470 1388 1703 1433 γειωραι,
1745 1374 1874 1432 quod
1904 1377 2033 1420 infra

242 1438 439 1492 legitur3
489 1439 686 1489 χελωνα
720 1436 1016 1476 acc11s.zuivus
1054 1435 1113 1477 ab
1145 1435 1390 1488 IIesychio
1424 1442 1644 1478 enotatus
1672 1449 1762 1509 pro
1794 1435 2032 1494 χελωνην.

243 1497 338 1540 Sed
383 1493 742 1568 συμπαίστριες
780 1494 964 1538 Himer.
1003 1495 1108 1541 ΧΧ.
1142 1499 1184 1539 6.
1218 1498 1319 1540 728.
1352 1493 1632 1540 ’Λπολλωνι
1668 1493 1762 1555 μὲν
1794 1495 1888 1543 οὖν
1903 1514 2034 1577 Ησυγὶ

241 1574 480 1615 χορευῑαι
519 1555 600 1614 (αἱ
641 1556 893 1613 Νύιιφαι)
933 1572 1016 1599 και
1063 1556 1413 1618 ξυμπαίστριες
1455 1562 1550 1600 νῦν
1597 1573 1650 1600 τε
1692 1556 1793 1602 εἰσί
1829 1557 1914 1603 καὶ
1957 1558 2035 1604 αεὶ

242 1618 441 1666 πάιτως
463 1615 778 1675 μελωδοῦντι
807 1615 1137 1672 megaeram,
1169 1619 1221 1660 in
1246 1614 1607 1679 ξυμπαίστορες
1631 1619 1912 1665 mutandum
1940 1631 2033 1674 est,

242 1694 397 1738 neque
449 1679 566 1721 satis
612 1677 726 1720 fidei
775 1676 930 1720 habeo
973 1676 1267 1721 Scholiastae
1309 1672 1503 1720 Theo'tm
1541 1679 1576 1721 Ι.
1620 1682 1692 1722 92.
1739 1679 1895 1725 Dores
1944 1695 2033 1739 pro

240 1754 419 1806 μοῖραι
453 1750 633 1791 dixisse
660 1751 858 1805 μοῖρες,
894 1763 1039 1804 quum
1071 1750 1353 1805 praesertim
1383 1750 1548 1791 finales
1575 1751 1789 1803 syllabae
1823 1769 1870 1800 ες
1901 1762 1949 1795 et
1982 1771 2036 1796 αι

242 1811 421 1869 ubique
455 1807 833 1863 confundantur;
864 1822 1134 1868 quanquam
1161 1809 1289 1853 illius
1322 1809 1602 1853 auctoritate
1632 1818 1878 1868 permotus
1903 1814 2035 1858 Reis-

242 1884 351 1925 kius
385 1882 637 1938 Theocrito
670 1894 759 1939 pro
793 1874 859 1925 ἀι
860 1897 943 1924 ται
975 1881 1187 1925 reddidit
1219 1899 1268 1924 αι
1285 1897 1382 1929 τες
1392 1881 1520 1926 XVI.
1551 1885 1623 1925 36.
1683 1882 1905 1929 Vicissim
1946 1901 2034 1944 pro

243 1946 286 1987 Γ
283 1959 450 2002 οργων
484 1943 773 1986 recentiores
802 1941 1025 2001 Γοργότη
1056 1943 1425 1996 substituerunt,
1457 1943 1587 1999 quod
1610 1943 1919 1990 Hermannus
1939 1948 2034 1991 Eu-

240 2004 388 2077 rip-idi
427 2004 597 2047 tribuit
637 2002 736 2047 Alc.
772 2005 905 2047 1123.
970 2003 1102 2048 Inter
1144 2011 1395 2075 utramque
1435 2002 1801 2050 declinationem
1843 2007 2035 2053 fluctuat

239 2069 355 2122 μελε
344 2063 524 2121 δωνη,
554 2063 839 2121 μελεδωναι
871 2071 917 2107 et
942 2065 1253 2120 μελεδωνας,
1282 2065 1413 2120 cujus
1446 2065 1485 2107 si
1519 2066 1844 2123 nominativus
1875 2070 2034 2126 singu-

240 2127 381 2179 laris,
416 2140 557 2182 quem
585 2125 895 2168 Grammatici
927 2127 1155 2179 afferunt,
1187 2128 1238 2169 in
1275 2140 1363 2168 usu
1394 2127 1508 2178 fuit,
1541 2140 1640 2169 non
1673 2128 1826 2171 solum
1863 2129 2036 2173 Sebae-

240 2188 334 2231 seri
368 2187 604 2230 dubitatio
639 2187 700 2230 ad
731 2186 902 2230 Gnom.
935 2202 980 2258 p.
998 2189 1102 2230 215.
1133 2185 1417 2244 μελεδώνας
1444 2187 1747 2243 corrigentis,
1777 2189 1861 2234 sed
1887 2192 2033 2249 etiam

243 2248 403 2291 omnis
439 2247 744 2306 metaplasmi
778 2249 984 2305 suspicio
1017 2249 1213 2293 tollitur.
1276 2248 1603 2292 Rarissimum
1619 2262 1732 2291 vero
1765 2259 1837 2294 est
1869 2259 1922 2294 ut
1948 2266 2033 2294 no-

1900 2326 2032 2358 nulla
