2210 2662
1001 71 1029 116 7

121 228 321 271 Etenim'
344 223 525 268 cadem'
546 219 896 279 libertate-qua
927 235 956 266 a
986 221 1248 281 καλαύροψ
1283 230 1594 280 propagatum
1630 231 1703 266 est
1732 224 1913 267 καλαύ-

120 281 586 344 ροπον“(ΗεεΥοίι.)
630 291 677 325 et
716 290 907 340 praeter
944 283 1228 334 Καππάδοξ
1283 285 1443 328 extitit
1483 283 1823 332 Καππάδοκος
1866 293 1913 327 et

121 345 465 403 Καππαδόκης
498 360 541 389 v.
568 344 755 389 Jacobs.
789 344 849 389 ad
878 344 1072 390 Anthol.
1099 345 1198 390 Pal.
1224 359 1271 404 p.
1304 348 1411 390 415.
1443 344 1502 390 ab
1537 345 1702 390 eadem
1738 348 1909 403 stirpe,

121 410 250 454 unde
282 408 479 453 verbum
523 406 762 463 φυλάσσω
808 413 963 451 ortum
986 407 1163 462 habet,
1205 408 1404 451 nomina
1434 408 1571 451 varia
1603 408 1786 465 φύλαξ,
1817 406 1911 465 φύ-

123 476 291 523 λακος,
336 467 531 527 φυλακή
574 475 910 525 propagantur.
975 467 1187 521 Quorum
1226 475 1521 526 postremum
1563 468 1673 512 ideo
1705 482 1912 512 comme-

122 547 284 584 moro,
327 531 440 588 quia
473 528 783 573 Grammatici
821 529 1068 573 femininis
1112 543 1299 586 quoque
1327 528 1623 573 anadromen
1655 529 1910 580 adhihent,

126 593 349 651 ἅρπάγη,
397 589 606 645 καλύκη,
659 588 843 645 περάτῃ
894 603 922 632 3
967 591 1191 645 genitivis
1237 591 1491 646 singularis
1546 591 1734 636 numeri
1781 588 1908 646 (ἀπὸ

122 656 336 714 γενικῶν
375 655 478 695 ταῖν
511 649 693 694 ἑνικῶν
725 649 1027 694 scribendum
1068 665 1155 708 pro
1187 648 1496 708 ἅρσενικαῖν)
1538 650 1780 711 ἅρπαγος,
1824 650 1912 695 κά-

123 720 288 767 λυκος,
332 711 540 770 πέρατος
580 712 758 754 reflexa
799 711 1010 754 dicentes
1050 713 1209 767 Etym.
1239 711 1303 758 M.
1340 715 1423 764 82,
1465 714 1537 761 35.
1570 712 1841 771 Stephanus
1875 725 1910 755 s.

124 772 346 831 Ερμιαίν.
418 772 666 815 Postremo
703 771 1002 815 anadromen
1043 779 1090 814 et
1120 773 1408 829 metaplasin
1448 773 1501 815 in
1533 786 1680 817 unum
1714 773 1910 828 conjun-

124 842 262 892 gunt,
304 847 448 890 quum
487 847 516 876 a
557 833 767 889 genitivo
807 831 957 889 ἆρνός
994 833 1344 884 nominativmn
1384 830 1558 876 iisdem
1591 834 1742 878 literis
1776 841 1825 876 et
1850 832 1910 877 ab

123 897 213 940 hoc
254 891 574 938 accusativum
616 892 771 950 ἀργόν
814 901 861 936 et
894 894 1004 936 hinc
1046 892 1174 951 ἄρνα
1214 892 1568 937 circumducunt
1596 893 1912 938 Choerobosc.

127 971 200 1014 ap.
235 957 394 1010 Etym.
421 950 486 998 M.
514 969 559 1012 p.
588 956 689 997 146.
720 957 793 997 31.
857 954 952 997 Sed
983 955 1307 1007 hisJomissis,
1341 966 1462 1011 quae
1495 954 1555 997 ad
1589 956 1912 1012 cognitionem

125 1018 303 1062 veteris
344 1016 625 1074 disciplinae
666 1016 773 1073 plus
817 1029 958 1073 quam
1007 1014 1067 1059 ad
1099 1016 1467 1073 intelligentiam
1501 1018 1603 1060 veri
1634 1017 1910 1063 conferunt,

124 1080 316 1122 veniam
342 1078 405 1120 ad
434 1079 665 1119 ultimum.
682 1078 979 1133 superiorum
1008 1077 1335 1135 exemplorum
1355 1076 1574 1122 Δωδώνι
1599 1086 1645 1119 et
1663 1077 1909 1122 Δωδώνα.

125 1139 313 1184 Horum
353 1138 703 1195 nominativum
748 1145 910 1180 extare
949 1145 1131 1194 negant
1159 1137 1430 1194 Stephanus
1468 1154 1503 1183 s.
1542 1138 1587 1180 h.
1620 1153 1665 1181 v.
1697 1138 1911 1182 Joannes

124 1200 262 1245 Alex.
304 1199 363 1244 de
404 1198 524 1246 Tou.
562 1212 608 1256 p.
652 1200 725 1242 ll.
761 1205 808 1240 et
845 1198 1078 1241 Arcadius
1116 1212 1164 1255 p.
1188 1200 1391 1269 -1-228-3-
1407 1197 1476 1242 Ac
1515 1198 1619 1241 fieri
1660 1206 1821 1256 potest
1861 1207 1913 1241 ut

128 1264 532 1328 61331111103133,
584 1269 763 1311 assueti
801 1267 1044 1311 vocabulis
1089 1268 1143 1310 in
1183 1285 1277 1320 ινι,
1315 1285 1423 1321 υνι,
1468 1285 1563 1312 ωνι
1603 1269 1911 1320 exeuntibus,

124 1338 299 1386 metro„
335 1330 573 1373 invitante
630 1329 751 1372 sicut
795 1327 975 1381 ἰέετινι,
1027 1326 1256 1380 κίνδυνι,
1311 1330 1380 1373 ita
1421 1329 1640 1374 Δωδῶνι
1688 1329 1913 1373 dixerint.

129 1391 381 1436 Caeterum
412 1390 738 1434 nominativus
757 1387 949 1434 Δωδῶν
980 1402 1136 1446 neque
1167 1391 1341 1433 vitiose
1373 1390 1630 1443 formatus,
1664 1404 1774 1444 nec,
1802 1392 1914 1447 quia

128 1451 354 1508 Δωδώνη
386 1451 680 1509 praevaluit,
710 1446 886 1493 idcirco
921 1451 1315 1507 exterminandus
1355 1459 1449 1504 est3
1483 1466 1594 1495 nam
1625 1453 1731 1509 pari
1765 1452 1914 1494 abun·

89 1536 93 1540 ·
129 1514 294 1559 dantia
336 1511 497 1570 Ιταίνη
542 1518 591 1555 et
631 1508 762 1556 Ιταίν
806 1510 978 1555 dicitur
1024 1525 1068 1554 v.
1112 1511 1368 1556 Tzschuck.
1419 1512 1479 1557 ad
1520 1512 1684 1567 strab.
1730 1507 1780 1555 L.
1832 1513 1913 1556 IX.

126 1589 171 1632 p.
205 1578 310 1618 614.
358 1571 587 1630 Ερμιόνη
630 1580 678 1615 et
718 1571 926 1629 Ερμιαίν
963 1571 1034 1615 Id.
1088 1571 1151 1614 ad
1194 1572 1246 1615 L.
1282 1572 1414 1615 VIII.
1455 1576 1558 1616 297.
1601 1573 1826 1629 Γόρτυνα
1868 1582 1915 1615 et

129 1638 173 1681 Γ
169 1634 320 1692 όρτυν
357 1648 402 1678 v.
425 1633 618 1677 ·Siebel.
658 1632 720 1676 ad
763 1633 903 1677 Paus.
944 1633 998 1676 Τ.
1036 1632 1098 1675 II.
1133 1635 1237 1676 198.
1279 1640 1350 1685 et,
1401 1634 1528 1689 quod
1567 1633 1696 1676 idem
1738 1646 1915 1676 nomen

127 1694 490 1748 essevidetur,
533 1692 769 1752 Γυρτώνη
800 1689 851 1738 et
880 1694 924 1738 Γ
917 1691 1085 1752 ύρτων
1129 1691 1290 1751 steph.
1327 1699 1455 1753 tum,
1496 1708 1618 1752 quae
1655 1690 1782 1738 idem
1816 1708 1915 1738 me·

127 1765 307 1810 morat,
349 1770 410 1800 ex
449 1757 600 1798 altera
644 1755 987 1798 declinatione:
1028 1753 1270 1813 Γέργιθος
1311 1762 1359 1796 et
1389 1756 1559 1814 Γέργις
1600 1757 1657 1811 (ἦ
1701 1756 1914 1815 Γέργιθα

125 1818 301 1863 Athen.
341 1816 424 1861 vl.
458 1819 562 1861 256.
603 1813 686 1874 C.)
735 1815 940 1873 Ιβηρος,
990 1814 1142 1872 Ιβηρ,
1182 1829 1227 1860 v.
1270 1814 1399 1859 Bast.
1442 1817 1528 1874 Ep.
1574 1815 1687 1861 Crit.
1731 1831 1775 1874 p.
1815 1819 1915 1860 121.

128 1878 363 1932 Ηδωνοι,
397 1877 607 1925 Ηδωνες
645 1890 690 1920 v.
723 1876 889 1935 Poppo
929 1875 993 1921 ad
1023 1876 1236 1933 Thucyd.
1275 1877 1326 1921 T.
1362 1876 1400 1920 Ι.
1439 1891 1485 1936 p.
1522 1880 1623 1922 100.
1684 1878 1777 1922 His
1811 1877 1918 1921 sub-

122 1941 322 1997 jungam
355 1952 477 1996 quae
507 1938 755 1983 simillima
783 1945 895 1982 sunt
925 1952 986 1982 ex
1019 1938 1420 1995 appellativorum
1462 1953 1658 1995 genere,
1708 1941 1915 1997 primum

126 1998 306 2058 μέρμις
336 2006 386 2043 et
413 1999 685 2056 μέρμιθος,
728 2012 929 2056 quorum
958 1999 1370 2043 nominativorum
1402 2000 1604 2044 alterum
1635 2000 1694 2044 ab
1724 2015 1812 2043 usu
1845 2013 1918 2042 re-

129 2069 313 2105 motum
341 2060 492 2104 fuisse
522 2073 665 2105 nemo
695 2061 982 2114 affirmavit5
1011 2058 1102 2104 τὰν
1134 2058 1347 2119 ὄρκυνον
1376 2059 1561 2104 Atticos
1589 2061 1745 2113 dicere
1772 2060 1920 2104 tradit

128 2121 301 2167 Athen.
317 2120 426 2166 VII.
453 2125 555 2166 303.
582 2121 634 2165 Β.
667 2128 715 2164 et
741 2120 948 2177 ὄρκυνος
956 2153 972 2174 ,
1006 2137 1235 2181 orcynus,
1266 2122 1440 2179 legitur
1463 2122 1591 2181 apud
1621 2123 1918 2180 Oppianum,

130 2183 408 2235 Aelianum,
438 2182 736 2226 Athenaeum
762 2182 900 2227 vm.-
928 2185 1032 2226 35⁷.
1063 2182 1122 2228 A.
1156 2182 1287 2242 (cod.
1325 2180 1565 2242 ὄρκυνος)
1607 2190 1655 2226 et
1687 2183 1918 2235 Plinium;

130 2239 228 2290 162*
245 2241 397 2304 ὄρκυν
414 2241 744 2291 Archestratus
760 2242 867 2289 VII.
898 2244 1000 2289 301.
1019 2244 1072 2289 F.
1107 2242 1157 2292 οἱ
1183 2243 1390 2305 ὄρκυνες
1417 2245 1515 2304 (sic
1543 2253 1803 2291 correctum
1821 2259 1917 2303 apro
